RotorSE
@techreport{ning2013rotorse,
  title={RotorSE},
  author={Ning, S Andrew},
  year={2013},
  institution={National Renewable Energy Laboratory (NREL), Golden, CO (United States)}
}

Turbine_CostsSE
@techreport{dykes2012turbine,
  title={Turbine Cost Systems Engineering Model},
  author={Dykes, Katherine and Scott, George},
  year={2012},
  institution={National Renewable Energy Laboratory (NREL), Golden, CO (United States)}
}


#13
@article{Thomas2016-Improving-FLORIS,
  author = {Thomas, Jared and Gebraad, Pieter and Ning, Andrew},
  journal = {Wind Engineering},
  title = {Improving the FLORIS Wind Plant Model for Compatibility with Gradient-based Optimization},
  year = {2017},
  volume={ \MakeLowercase{d}oi:10.1002/we.1822}
}

Finding the natural frequency modeled as a cantilever beam 
@article{erturk2011appendix,
  title={Appendix C: Modal Analysis of a Uniform Cantilever With a Tip Mass},
  author={Erturk, Alper and Inman, Daniel J},
  journal={Piezoelectric Energy Harvesting},
  pages={353--366},
  year={2011},
  publisher={Wiley Online Library},
  note={\MakeLowercase{d}oi:10.1002/9781119991151.app3}
}

OpenMDAO
@inproceedings{gray2010openmdao,
  title={OpenMDAO: An Open Source Framework for Multidisciplinary Analysis and Optimization},
  author={Gray, Justin and Moore, Kenneth T and Naylor, Bret A},
  series={AIAA/ISSMO Multidisciplinary Analysis Optimization Conference Proceedings},
  volume={5},
  year={2010},
  note={https://doi.org/10.2514/6.2010-9101 }
}


Wind Farm Layout Optimization
@inproceedings{wagner2011optimizing,
author={Wagner, Markus and Veeramachaneni, Kalyan and Neumann, Frank and O'Reilly, Una-May},
series={European Wind Energy Association Annual Event},
title={Optimizing the Layout of 1000 Wind Turbines},
year={2011},
pages={205--209}
}

Wind farm layout optimization along with turbine type
@inproceedings{graf2016wind,
  title={Wind farm turbine type and placement optimization},
  author={Graf, Peter and Dykes, Katherine and Scott, George and Fields, Jason and Lunacek, Monte and Quick, Julian and Rethore, Pierre-Elouan},
  series={Journal of Physics: Conference Series},
  volume={753},
  number={6},
  year={2016},
  pages={062004},
  organization={IOP Publishing},
  note={\MakeLowercase{d}oi:10.1088/1742-6596/753/6/062004}
}


Hub Height and Rotor Diameter Optimization
@inproceedings{HazraMMZ15,
  author = {Hazra, Jagabondhu and Mitra, Subhadip and Mathew, Sathyajith and Zaini, Fauzi},
  biburl = {http://www.bibsonomy.org/bibtex/26d9c103655241129efff2a21fafde206/dblp},
  series = {ISGT},
  note = {\MakeLowercase{h}ttp://dx.doi.org/10.1109/ISGT.2015.7131819},
  pages = {1-5},
  title = {3D Layout Optimization for Large Wind Farms},
  year = 2015,
  # organization = {IEEE}
}


#Good Example
@article{Kusiak-max-energy-capture,
  author = {Kusiak, Andrew and Song, Zhe},
  doi = {10.1016/j.renene.2009.08.019},
  journal = {Renewable Energy},
  volume = 35,
  number = {3},
  month = mar,
  pages = {685--694},
  title = {Design of Wind Farm Layout for Maximum Wind Energy Capture},
  year = {2010}
}



@misc{churchfieldnwtc,
  title={NWTC design codes (SOWFA), 2012},
  author={Churchfield, M and Lee, S}
}

@techreport{NREL5MW,
     title = {Definition of a 5-MW Reference Wind Turbine for Offshore System Development},
     author = {Jonkman, J and Butterfield, S and Musial, W and Scott, G},
     group = {NREL},
     year = {2009},
     institution = {DOE},
     number={Technical Report NREL/TP-500-38060}
}

@inproceedings{stanley2017gradient,
  title={Gradient Based Optimization of Wind Farms with Multiple Turbine Hub Heights},
  author={Stanley, Andrew P and Thomas, Jared and Ning, Andrew and Dykes, Katherine and Fleming, Paul A},
  series={35th Wind Energy Symposium},
  pages={16--19},
  year={2017},
  note={\MakeLowercase{d}oi:10.2514/6.2017-1619}
}

@techreport{ning2013towerse,
  title={TowerSE},
  author={Ning, S Andrew},
  year={2013},
  institution={National Renewable Energy Laboratory},
  number={Technical Report 004836MLTPL00}
}


@book{eurocode3,
      title         = "{Eurocode 3: design of steel structures : part 1-5 :
                       plated structural elements}",
      publisher     = "British Standards Institution",
      address       = "London",
      year          = "2010",
      url           = "https://cds.cern.ch/record/1701996",
      note          = "Incorporating corrigendum April 2009",
}



SNOPT
@article{SNOPT,
    AUTHOR  =  {P. E. Gill and W. Murray and M. A. Saunders},
    TITLE   =  {{SNOPT}: An SQP Algorithm for Large-Scale Constrained
      Optimization},
    JOURNAL =  siopt,
    YEAR    =  2002,
    VOLUME  =  12,
    NUMBER  =  4,
    PAGES   =  {979--1006},
    NOTE={Updated version appeared in {\em SIAM Review} 47(1), 2005, pages 99--131. https://doi.org/10.1137/S0036144504446096} 
}



@article{Fleming2015-Wind-Plant,
  author = {Fleming, Paul and Ning, Andrew and Gebraad, Pieter and Dykes, Katherine},
  note = {\MakeLowercase{d}oi:10.1002/we.1836},
  journal = {Wind Energy},
  month = feb,
  number = {2},
  pages = {329--344},
  title = {Wind Plant System Engineering through Optimization of Layout and Yaw Control},
  volume = {19},
  year = {2016}
}



@article{Gebraad2015-Maximization-Annual,
  author = {Gebraad, Pieter and Thomas, Jared J. and Ning, Andrew and Fleming, Paul and Dykes, Katherine},
  journal = {Wind Energy},
  title = {Maximization of the Annual Energy Production of Wind Power Plants by Optimization of Layout and Yaw-Based Wake Control},
  year = {2015},
   #note = {(accepted)}
}

@article{Gebraad-yaw-control,
  author = {Gebraad, P. M. O. and Teeuwisse, F. W. and van Wingerden, J. W. and Fleming, P. A. and Ruben, S. D. and Marden, J. R. and Pao, L. Y.},
  note = {\MakeLowercase{d}oi:10.1002/we.1822},
  journal = {Wind Energy},
  volume = 19,
  number = {1},
  month = jan,
  pages = {95--114},
  title = {Wind Plant Power Optimization Through Yaw Control Using a Parametric Model for Wake Effects -- a CFD Simulation Study},
  year = {2016}
}


@article{chen2013wind,
  title={Wind farm layout optimization using genetic algorithm with different hub height wind turbines},
  author={Chen, Ying and Li, Hua and Jin, Kai and Song, Qing},
  journal={Energy Conversion and Management},
  volume={70},
  pages={56--65},
  year={2013},
  publisher={Elsevier},
  note = {\MakeLowercase{d}oi:10.1016/j.enconman.2013.02.007}
}


@article{jonkman2010nwtc,
  title={NWTC design codes (FAST)},
  author={Jonkman, Jason},
  journal={NWTC Design Codes (FAST), NREL, Boulder, CO},
  year={2010}
}


@article{churchfield2012numerical,
  title={A Numerical Study of the Effects of Atmospheric and Wake Turbulence on Wind Turbine Dynamics},
  author={Churchfield, Matthew J and Lee, Sang and Michalakes, John and Moriarty, Patrick J},
  journal={Journal of turbulence},
  number={13},
  pages={N14},
  year={2012},
  publisher={Taylor \& Francis},
  note={http://dx.doi.org/10.1080/14685248.2012.668191}
}



@article{fleming2014evaluating,
  title={Evaluating Techniques for Redirecting Turbine Wakes Using SOWFA},
  author={Fleming, Paul A and Gebraad, Pieter MO and Lee, Sang and van Wingerden, Jan-Willem and Johnson, Kathryn and Churchfield, Matt and Michalakes, John and Spalart, Philippe and Moriarty, Patrick},
  journal={Renewable Energy},
  volume={70},
  pages={211--218},
  year={2014},
  publisher={Elsevier},
  note={https://doi.org/10.1016/j.renene.2014.02.015}
}


@article{fleming2015simulation,
  title={Simulation Comparison of Wake Mitigation Control Strategies for a Two-Turbine Case},
  author={Fleming, Paul and Gebraad, Pieter MO and Lee, Sang and Wingerden, Jan-Willem and Johnson, Kathryn and Churchfield, Matt and Michalakes, John and Spalart, Philippe and Moriarty, Patrick},
  journal={Wind Energy},
  volume={18},
  number={12},
  pages={2135--2143},
  year={2015},
  publisher={Wiley Online Library},
  note={\MakeLowercase{doi}:10.1002/we.1810}
}


@article{regimbal2015peregrine,
  title={Peregrine at the National Renewable Energy Laboratory},
  author={Regimbal, Kevin and Carpenter, Ilene and Chang, Christopher and Hammond, Steve},
  journal={Contemporary High Performance Computing: From Petascale toward Exascale, Volume Two},
  volume={23},
  pages={163},
  year={2015},
  publisher={CRC Press}
}


@article{churchfield2012large,
  title={A Large-Eddy Simulation of Wind-Plant Aerodynamics},
  author={Churchfield, Matthew J and Lee, Sang and Moriarty, Patrick J and Martinez, Luis A and Leonardi, Stefano and Vijayakumar, Ganesh and Brasseur, James G},
  journal={AIAA paper},
  volume={537},
  pages={2012},
  year={2012}
}


@inproceedings{fleming2013sowfa,
  title={The SOWFA Super-Controller: A High-Fidelity Tool for Evaluating Wind Plant Control Approaches},
  author={Fleming, Paul and Gebraad, Pieter and van Wingerden, Jan-Willem and Lee, Sang and Churchfield, Matt and Scholbrock, Andrew and Michalakes, John and Johnson, Kathryn and Moriarty, Pat},
  booktitle={Proceedings of the EWEA Annual Meeting, Vienna, Austria},
  year={2013}
}




@article{lackner2007analytical,
  title={An Analytical Framework for Offshore Wind Farm Layout Optimization},
  author={Lackner, Matthew A and Elkinton, Christopher N},
  journal={Wind Engineering},
  volume={31},
  number={1},
  pages={17--31},
  year={2007},
  publisher={SAGE Publications}
}

@article{kusiak2010design,
  title={Design of Wind Farm Layout for Maximum Wind Energy Capture},
  author={Kusiak, Andrew and Song, Zhe},
  note={https://doi.org/10.1016/j.renene.2009.08.019},
  journal={Renewable Energy},
  volume={35},
  number={3},
  pages={685--694},
  year={2010},
  publisher={Elsevier}
}

@article{csicsbot2010optimal,
  title={Optimal Positioning of Wind Turbines on G{\"o}k{\c{c}}eada Using Multi-Objective Genetic Algorithm},
  author={{\c{S}}i{\c{s}}bot, Sedat and Turgut, {\"O}zg{\"u} and Tun{\c{c}}, Murat and {\c{C}}amdal{\i}, {\"U}nal},
  journal={Wind Energy},
  volume={13},
  number={4},
  pages={297--306},
  year={2010},
  publisher={Wiley Online Library},
  note={\MakeLowercase{doi}:10.1002/we.339}
}

@inproceedings{BOS,
  title={Land-Based Wind Plant Balance-of-System
Cost Drivers and Sensitivities},
  author={Mone, C and Maples, B. and Hand M.},
  conference={AWEA WINDPOWER},
  year={2014}
}

@techreport{mone2013cost,
  title={Cost of Wind Energy Review},
  author={Mon{\'e}, C and Smith, A and Maples, B and Hand, M},
  year={2013},
  institution={NREL/TP-5000-63267. Golden, Colorado: National Renewable Energy Laboratory}
}
	
    



@article{hascoet2013tapenade,
  title={The Tapenade Automatic Differentiation Tool: Principles, Model, and Specification},
  author={Hascoet, Laurent and Pascual, Val{\'e}rie},
  journal={ACM Transactions on Mathematical Software (TOMS)},
  volume={39},
  number={3},
  pages={20},
  year={2013},
  publisher={ACM},
  note={\MakeLowercase{d}oi:10.1145/2450153.2450158}
}


@article{dykes2014plant_costsse,
  title={Plant\_CostsSE Documentation version 1.0},
  author={Dykes, K and Scott, G},
  journal={NREL TP forthcoming},
  year={2014}
}


@article{vasel2017wind,
  title={Wind farm hub height optimization},
  author={Vasel-Be-Hagh, Ahmadreza and Archer, Cristina L},
  journal={Applied Energy},
  volume={195},
  pages={905--921},
  year={2017},
  publisher={Elsevier},
  note={https://doi.org/10.1016/j.apenergy.2017.03.089}
}


@article{chen2016wind,
  title={Wind turbine layout optimization with multiple hub height wind turbines using greedy algorithm},
  author={Chen, K and Song, MX and Zhang, X and Wang, SF},
  journal={Renewable Energy},
  volume={96},
  pages={676--686},
  year={2016},
  publisher={Elsevier},
  note={https://doi.org/10.1016/j.renene.2016.05.018}
}



@article{malcolm2002windpact,
  title={WindPACT turbine rotor design study},
  author={Malcolm, DJ and Hansen, AC},
  journal={National Renewable Energy Laboratory, Golden, CO},
  volume={5},
  year={2002},
  note={\MakeLowercase{d}oi:10.2172/15000964}
}

@article{ning2016integrated,
  title={Integrated design of downwind land-based wind turbines using analytic gradients},
  author={Ning, Andrew and Petch, Derek},
  journal={Wind Energy},
  volume={19},
  number={12},
  pages={2137--2152},
  year={2016},
  publisher={Wiley Online Library},
  note={\MakeLowercase{d}oi:10.1002/we.1972}
}


@article{Stanley2017_WE,
  author = {Stanley, Andrew P.J. and Ning, Andrew and Dykes, Katherine},
  journal = {Wind Energy},
  month = aug,
  note = {(in review)},
  title = {Optimization of Turbine Design in Wind Farms with Multiple Hub Heights, Using Exact Analytic Gradients and Structural Constraints},
  year = {2017}
}


Gives a number 10% for losses from wake interference
@article{wakeLoss1,
  title={Modelling and measurements of power losses and turbulence intensity in wind turbine wakes at Middelgrunden offshore wind farm},
  author={Barthelmie, Rebecca Jane and Frandsen, Sten Tron{\ae}s and Nielsen, MN and Pryor, SC and Rethore, P-E and J{\o}rgensen, Hans Ejsing},
  journal={Wind Energy},
  volume={10},
  number={6},
  pages={517--528},
  year={2007},
  publisher={Wiley Online Library},
  note={\MakeLowercase{d}oi:10.1002/we.238}
}

Gives a number 20% for losses from wake interference
@article{wakeLoss2,
  title={Navigating the Complexities of Wake Losses},
  author={Briggs, Katy},
  journal={North American Wind Power},
  volume={10},
  number={3},
  year={2013}
}


